<record><leader>00000cas a22000007  4500</leader><controlfield tag="001">9122705</controlfield><controlfield tag="007">hd afu---baca</controlfield><controlfield tag="008">830112d18541859nyuuu nea     0    0eng  </controlfield><controlfield tag="009">466</controlfield><datafield ind1=" " ind2=" " tag="010"><subfield code="a">sn 82016006 </subfield></datafield><datafield ind1=" " ind2=" " tag="040"><subfield code="a">DLC</subfield><subfield code="b">eng</subfield><subfield code="c">DLC</subfield></datafield><datafield ind1="1" ind2=" " tag="029"><subfield code="a">AU@</subfield><subfield code="b">000025836149</subfield></datafield><datafield ind1=" " ind2=" " tag="042"><subfield code="a">msc</subfield></datafield><datafield ind1="0" ind2="0" tag="050"><subfield code="a">Microfilm (n) 1134</subfield></datafield><datafield ind1="0" ind2="4" tag="245"><subfield code="a">The Kansas weekly herald.</subfield></datafield><datafield ind1=" " ind2=" " tag="260"><subfield code="a">Leavenworth,</subfield><subfield code="b">L. J. Easton [etc.]</subfield></datafield><datafield ind1=" " ind2=" " tag="300"><subfield code="a">6 v.</subfield><subfield code="c">63 cm.</subfield></datafield><datafield ind1=" " ind2=" " tag="310"><subfield code="a">Weekly</subfield></datafield><datafield ind1="0" ind2=" " tag="362"><subfield code="a">Sept. 15, 1854-</subfield></datafield><datafield ind1="1" ind2=" " tag="362"><subfield code="a">Ceased in May 1859.</subfield></datafield><datafield ind1=" " ind2=" " tag="533"><subfield code="a">Microfilm.</subfield><subfield code="b">New York,</subfield><subfield code="c">Recordak Corp.</subfield><subfield code="d">[1941-</subfield><subfield code="e">reels.  35 mm.</subfield></datafield><datafield ind1=" " ind2=" " tag="752"><subfield code="a">United States</subfield><subfield code="b">Kansas</subfield><subfield code="d">Leavenworth.</subfield></datafield><datafield ind1="0" ind2="2" tag="785"><subfield code="t">Weekly Leavenworth herald</subfield></datafield></record>